@article{kydland1982time,
  title={Time to build and aggregate fluctuations},
  author={Kydland, Finn E and Prescott, Edward C},
  journal={Econometrica: Journal of the Econometric Society},
  pages={1345--1370},
  year={1982},
  publisher={JSTOR}
}

@article{long1983real,
  title={Real business cycles},
  author={Long Jr, John B and Plosser, Charles I},
  journal={Journal of political Economy},
  volume={91},
  number={1},
  pages={39--69},
  year={1983},
  publisher={The University of Chicago Press}
}

@article{byrne2016does,
  title={Does the United States have a productivity slowdown or a measurement problem?},
  author={Byrne, David M and Fernald, John G and Reinsdorf, Marshall B},
  journal={Brookings Papers on Economic Activity},
  volume={2016},
  number={1},
  pages={109--182},
  year={2016},
  publisher={Brookings Institution Press}
}

@article{cette2016pre,
  title={The pre-Great Recession slowdown in productivity},
  author={Cette, Gilbert and Fernald, John and Mojon, Benoit},
  journal={European Economic Review},
  volume={88},
  pages={3--20},
  year={2016},
  publisher={Elsevier}
}

@article{comin2006medium,
  title={Medium-term business cycles},
  author={Comin, Diego and Gertler, Mark},
  journal={American Economic Review},
  volume={96},
  number={3},
  pages={523--551},
  year={2006}
}

@article{romer1990endogenous,
  title={Endogenous technological change},
  author={Romer, Paul M},
  journal={Journal of political Economy},
  volume={98},
  number={5, Part 2},
  pages={S71--S102},
  year={1990},
  publisher={The University of Chicago Press}
}

@article{moran2017innovation,
  title={Innovation, productivity, and monetary policy},
  author={Moran, Patrick and Queralto, Albert},
  journal={Journal of Monetary Economics},
  year={2017},
  publisher={Elsevier}
}

@techreport{anzoategui2016endogenous,
  title={Endogenous technology adoption and R\&D as sources of business cycle persistence},
  author={Anzoategui, Diego and Comin, Diego and Gertler, Mark and Martinez, Joseba},
  year={2016},
  institution={National Bureau of Economic Research}
}

@techreport{bianchi2014growth,
  title={Growth, slowdowns, and recoveries},
  author={Bianchi, Francesco and Kung, Howard and Morales, Gonzalo},
  year={2014},
  institution={National Bureau of Economic Research}
}

@article{grossman1991quality,
  title={Quality ladders in the theory of growth},
  author={Grossman, Gene M and Helpman, Elhanan},
  journal={The Review of Economic Studies},
  volume={58},
  number={1},
  pages={43--61},
  year={1991},
  publisher={Wiley-Blackwell}
}

@techreport{bloom2017ideas,
  title={Are ideas getting harder to find?},
  author={Bloom, Nicholas and Jones, Charles I and Van Reenen, John and Webb, Michael},
  year={2017},
  institution={National Bureau of Economic Research}
}

@article{jones2009burden,
  title={The burden of knowledge and the “death of the renaissance man”: Is innovation getting harder?},
  author={Jones, Benjamin F},
  journal={The Review of Economic Studies},
  volume={76},
  number={1},
  pages={283--317},
  year={2009},
  publisher={Wiley-Blackwell}
}

@article{gortz2018sectoral,
  title={Sectoral TFP news shocks},
  author={G{\"o}rtz, Christoph and Tsoukalas, John D},
  journal={Economics Letters},
  volume={168},
  pages={31--36},
  year={2018},
  publisher={Elsevier}
}

@article{jafari2012impact,
  title={The Impact of ICT Shocks on Business Cycle Some Evidence from Iran},
  author={Jafari Samimi, Ahmad and Roshan, Yosof Essazadeh},
  journal={Iranian Economic Review},
  volume={16},
  number={31},
  pages={123--145},
  year={2012},
  publisher={University of Tehran, Faculty of Economics}
}

@article{eissazadehimpacts,
  title={The Impacts of Monetary \& ICT Shocks on Business cycles: Evidence from countries around the world},
  author={Eissazadeh-Roshan, Yousof}
}