%% This BibTeX bibliography file was created using BibDesk.
%% http://bibdesk.sourceforge.net/

%% Created for Laura Gati at 2018-07-09 11:49:59 +0530 


%% Saved with string encoding Unicode (UTF-8) 



@article{guerron2017impulse,
	Author = {Guerron-Quintana, Pablo and Inoue, Atsushi and Kilian, Lutz},
	Date-Added = {2018-07-09 06:19:50 +0000},
	Date-Modified = {2018-07-09 06:19:50 +0000},
	Journal = {Journal of Econometrics},
	Number = {1},
	Pages = {144--155},
	Publisher = {Elsevier},
	Title = {Impulse response matching estimators for DSGE models},
	Volume = {196},
	Year = {2017}}

@article{huffman_wynne1999,
	Author = {Huffman, Gregory W and Wynne, Mark A},
	Date-Added = {2018-06-26 20:40:41 +0000},
	Date-Modified = {2018-06-26 20:40:53 +0000},
	Journal = {Journal of Monetary Economics},
	Number = {2},
	Pages = {317--350},
	Publisher = {Elsevier},
	Title = {The role of intratemporal adjustment costs in a multisector economy},
	Volume = {43},
	Year = {1999}}

@article{kydland1982time,
	Author = {Kydland, Finn E and Prescott, Edward C},
	Journal = {Econometrica: Journal of the Econometric Society},
	Pages = {1345--1370},
	Publisher = {JSTOR},
	Title = {Time to build and aggregate fluctuations},
	Year = {1982}}

@article{long1983real,
	Author = {Long Jr, John B and Plosser, Charles I},
	Journal = {Journal of political Economy},
	Number = {1},
	Pages = {39--69},
	Publisher = {The University of Chicago Press},
	Title = {Real business cycles},
	Volume = {91},
	Year = {1983}}

@article{byrne2016does,
	Author = {Byrne, David M and Fernald, John G and Reinsdorf, Marshall B},
	Journal = {Brookings Papers on Economic Activity},
	Number = {1},
	Pages = {109--182},
	Publisher = {Brookings Institution Press},
	Title = {Does the United States have a productivity slowdown or a measurement problem?},
	Volume = {2016},
	Year = {2016}}

@article{cette2016pre,
	Author = {Cette, Gilbert and Fernald, John and Mojon, Benoit},
	Journal = {European Economic Review},
	Pages = {3--20},
	Publisher = {Elsevier},
	Title = {The pre-Great Recession slowdown in productivity},
	Volume = {88},
	Year = {2016}}

@article{comin2006medium,
	Author = {Comin, Diego and Gertler, Mark},
	Journal = {American Economic Review},
	Number = {3},
	Pages = {523--551},
	Title = {Medium-term business cycles},
	Volume = {96},
	Year = {2006}}

@article{romer1990endogenous,
	Author = {Romer, Paul M},
	Journal = {Journal of political Economy},
	Number = {5, Part 2},
	Pages = {S71--S102},
	Publisher = {The University of Chicago Press},
	Title = {Endogenous technological change},
	Volume = {98},
	Year = {1990}}

@article{moran2017innovation,
	Author = {Moran, Patrick and Queralto, Albert},
	Journal = {Journal of Monetary Economics},
	Publisher = {Elsevier},
	Title = {Innovation, productivity, and monetary policy},
	Year = {2017}}

@techreport{anzoategui2016endogenous,
	Author = {Anzoategui, Diego and Comin, Diego and Gertler, Mark and Martinez, Joseba},
	Institution = {National Bureau of Economic Research},
	Title = {Endogenous technology adoption and R\&D as sources of business cycle persistence},
	Year = {2016}}

@techreport{bianchi2014growth,
	Author = {Bianchi, Francesco and Kung, Howard and Morales, Gonzalo},
	Institution = {National Bureau of Economic Research},
	Title = {Growth, slowdowns, and recoveries},
	Year = {2014}}

@article{grossman1991quality,
	Author = {Grossman, Gene M and Helpman, Elhanan},
	Journal = {The Review of Economic Studies},
	Number = {1},
	Pages = {43--61},
	Publisher = {Wiley-Blackwell},
	Title = {Quality ladders in the theory of growth},
	Volume = {58},
	Year = {1991}}

@techreport{bloom2017ideas,
	Author = {Bloom, Nicholas and Jones, Charles I and Van Reenen, John and Webb, Michael},
	Institution = {National Bureau of Economic Research},
	Title = {Are ideas getting harder to find?},
	Year = {2017}}

@article{jones2009burden,
	Author = {Jones, Benjamin F},
	Journal = {The Review of Economic Studies},
	Number = {1},
	Pages = {283--317},
	Publisher = {Wiley-Blackwell},
	Title = {The burden of knowledge and the ``death of the renaissance man'': Is innovation getting harder?},
	Volume = {76},
	Year = {2009}}

@article{gortz2018sectoral,
	Author = {G{\"o}rtz, Christoph and Tsoukalas, John D},
	Journal = {Economics Letters},
	Pages = {31--36},
	Publisher = {Elsevier},
	Title = {Sectoral TFP news shocks},
	Volume = {168},
	Year = {2018}}

@article{jafari2012impact,
	Author = {Jafari Samimi, Ahmad and Roshan, Yosof Essazadeh},
	Journal = {Iranian Economic Review},
	Number = {31},
	Pages = {123--145},
	Publisher = {University of Tehran, Faculty of Economics},
	Title = {The Impact of ICT Shocks on Business Cycle Some Evidence from Iran},
	Volume = {16},
	Year = {2012}}

@article{eissazadehimpacts,
	Author = {Eissazadeh-Roshan, Yousof},
	Title = {The Impacts of Monetary \& ICT Shocks on Business cycles: Evidence from countries around the world}}

@article{fisher2006dynamic,
	Author = {Fisher, Jonas DM},
	Journal = {Journal of political Economy},
	Number = {3},
	Pages = {413--451},
	Publisher = {The University of Chicago Press},
	Title = {The dynamic effects of neutral and investment-specific technology shocks},
	Volume = {114},
	Year = {2006}}

@article{greenwood1997long,
	Author = {Greenwood, Jeremy and Hercowitz, Zvi and Krusell, Per},
	Journal = {The American Economic Review},
	Pages = {342--362},
	Publisher = {JSTOR},
	Title = {Long-run implications of investment-specific technological change},
	Year = {1997}}

@article{greenwood2000role,
	Author = {Greenwood, Jeremy and Hercowitz, Zvi and Krusell, Per},
	Journal = {European Economic Review},
	Number = {1},
	Pages = {91--115},
	Publisher = {Elsevier},
	Title = {The role of investment-specific technological change in the business cycle},
	Volume = {44},
	Year = {2000}}

@inproceedings{basu2010sector,
	Author = {Basu, Susanto and Fernald, John and Fisher, Jonas and Kimball, Miles},
	Title = {Sector-specific technical change},
	Year = {2010}}

@article{barsky2011news,
	Author = {Barsky, Robert B and Sims, Eric R},
	Journal = {Journal of monetary Economics},
	Number = {3},
	Pages = {273--289},
	Publisher = {Elsevier},
	Title = {News shocks and business cycles},
	Volume = {58},
	Year = {2011}}

@article{oulton2007investment,
	Author = {Oulton, Nicholas},
	Journal = {Journal of Monetary Economics},
	Number = {4},
	Pages = {1290--1299},
	Publisher = {Elsevier},
	Title = {Investment-specific technological change and growth accounting},
	Volume = {54},
	Year = {2007}}

@article{basu2007information,
	Author = {Basu, Susanto and Fernald, John},
	Journal = {German Economic Review},
	Number = {2},
	Pages = {146--173},
	Publisher = {Wiley Online Library},
	Title = {Information and communications technology as a general-purpose technology: Evidence from US industry data},
	Volume = {8},
	Year = {2007}}

@article{oliner2007explaining,
	Author = {Oliner, Stephen D and Sichel, Daniel E and Stiroh, Kevin J},
	Journal = {Brookings papers on economic activity},
	Number = {1},
	Pages = {81--137},
	Publisher = {JSTOR},
	Title = {Explaining a productive decade},
	Volume = {2007},
	Year = {2007}}

@article{jorgenson2008retrospective,
	Author = {Jorgenson, Dale W and Ho, Mun S and Stiroh, Kevin J},
	Journal = {Journal of Economic Perspectives},
	Number = {1},
	Pages = {3--24},
	Title = {A retrospective look at the US productivity growth resurgence},
	Volume = {22},
	Year = {2008}}

@techreport{fernald2017disappointing,
	Author = {Fernald, John G and Hall, Robert E and Stock, James H and Watson, Mark W},
	Institution = {National Bureau of Economic Research},
	Title = {The disappointing recovery of output after 2009},
	Year = {2017}}

@article{justiniano2010investment,
	Author = {Justiniano, Alejandro and Primiceri, Giorgio E and Tambalotti, Andrea},
	Journal = {Journal of Monetary Economics},
	Number = {2},
	Pages = {132--145},
	Publisher = {Elsevier},
	Title = {Investment shocks and business cycles},
	Volume = {57},
	Year = {2010}}

@book{guerrieri2011interpreting,
	Author = {Guerrieri, Luca},
	Publisher = {DIANE Publishing},
	Title = {Interpreting Investment-Specific Technology Shocks (IST)},
	Year = {2011}}

@article{mandelman2011investment,
	Author = {Mandelman, Federico S and Rabanal, Pau and Rubio-Ramirez, Juan F and Vilan, Diego},
	Journal = {Review of Economic Dynamics},
	Number = {1},
	Pages = {136--155},
	Publisher = {Elsevier},
	Title = {Investment-specific technology shocks and international business cycles: An empirical assessment},
	Volume = {14},
	Year = {2011}}

@article{oulton2007investment,
	Author = {Oulton, Nicholas},
	Journal = {Journal of Monetary Economics},
	Number = {4},
	Pages = {1290--1299},
	Publisher = {Elsevier},
	Title = {Investment-specific technological change and growth accounting},
	Volume = {54},
	Year = {2007}}

@article{justiniano2011investment,
	Author = {Justiniano, Alejandro and Primiceri, Giorgio E and Tambalotti, Andrea},
	Journal = {Review of Economic Dynamics},
	Number = {1},
	Pages = {102--121},
	Publisher = {Elsevier},
	Title = {Investment shocks and the relative price of investment},
	Volume = {14},
	Year = {2011}}

@misc{bresnahan1992general,
	Author = {Bresnahan, Timothy and Trajtenberg, Manuel},
	Publisher = {August},
	Title = {General Purpose Technologies:â€•Engines of Growth? National Bureau of Economic Research Working Paper No. 4148},
	Year = {1992}}

@article{basu2003case,
	Author = {Basu, Susanto and Fernald, John G and Oulton, Nicholas and Srinivasan, Sylaja},
	Journal = {NBER macroeconomics annual},
	Pages = {9--63},
	Publisher = {MIT press},
	Title = {The case of the missing productivity growth, or does information technology explain why productivity accelerated in the United States but not in the United Kingdom?},
	Volume = {18},
	Year = {2003}}

@article{stiroh2002information,
	Author = {Stiroh, Kevin J},
	Journal = {American Economic Review},
	Number = {5},
	Pages = {1559--1576},
	Title = {Information technology and the US productivity revival: what do the industry data say?},
	Volume = {92},
	Year = {2002}}

@article{oliner2000resurgence,
	Author = {Oliner, Stephen D and Sichel, Daniel E},
	Journal = {Journal of economic perspectives},
	Number = {4},
	Pages = {3--22},
	Title = {The resurgence of growth in the late 1990s: is information technology the story?},
	Volume = {14},
	Year = {2000}}

@article{uhlig2003drives,
	Author = {Uhlig, Harald},
	Journal = {Unpublished manuscript, Euro Area Business Cycle Network},
	Title = {What Drives GNP?},
	Year = {2003}}

@book{hamilton1994time,
	Author = {Hamilton, James Douglas},
	Publisher = {Princeton university press Princeton},
	Title = {Time series analysis},
	Volume = {2},
	Year = {1994}}

@article{kilian1998small,
	Author = {Kilian, Lutz},
	Journal = {Review of economics and statistics},
	Number = {2},
	Pages = {218--230},
	Publisher = {MIT Press},
	Title = {Small-sample confidence intervals for impulse response functions},
	Volume = {80},
	Year = {1998}}

@article{forni2014sufficient,
	Author = {Forni, Mario and Gambetti, Luca},
	Journal = {Journal of Monetary Economics},
	Pages = {124--136},
	Publisher = {Elsevier},
	Title = {Sufficient information in structural VARs},
	Volume = {66},
	Year = {2014}}

@article{barsky2015whither,
	Author = {Barsky, Robert B and Basu, Susanto and Lee, Keyoung},
	Journal = {NBER Macroeconomics Annual},
	Number = {1},
	Pages = {225--264},
	Publisher = {University of Chicago Press Chicago, IL},
	Title = {Whither News Shocks?},
	Volume = {29},
	Year = {2015}}

@incollection{sims2012news,
	Author = {Sims, Eric R},
	Booktitle = {DSGE Models in Macroeconomics: Estimation, Evaluation, and New Developments},
	Pages = {81--135},
	Publisher = {Emerald Group Publishing Limited},
	Title = {News, non-invertibility, and structural VARs},
	Year = {2012}}

@article{beaudry2006stock,
	Author = {Beaudry, Paul and Portier, Franck},
	Journal = {American Economic Review},
	Number = {4},
	Pages = {1293--1307},
	Title = {Stock prices, news, and economic fluctuations},
	Volume = {96},
	Year = {2006}}

@article{forni2014no,
	Author = {Forni, Mario and Gambetti, Luca and Sala, Luca},
	Journal = {The Economic Journal},
	Number = {581},
	Pages = {1168--1191},
	Publisher = {Wiley Online Library},
	Title = {No news in business cycles},
	Volume = {124},
	Year = {2014}}

@article{whelan2003two,
	Author = {Whelan, Karl},
	Journal = {Journal of Money, Credit and Banking},
	Pages = {627--656},
	Publisher = {JSTOR},
	Title = {A two-sector approach to modeling US NIPA data},
	Year = {2003}}

@article{oulton2012long,
  title={Long term implications of the ICT revolution: Applying the lessons of growth theory and growth accounting},
  author={Oulton, Nicholas},
  journal={Economic Modelling},
  volume={29},
  number={5},
  pages={1722--1736},
  year={2012},
  publisher={Elsevier}
}

@article{christiano2005nominal,
  title={Nominal rigidities and the dynamic effects of a shock to monetary policy},
  author={Christiano, Lawrence J and Eichenbaum, Martin and Evans, Charles L},
  journal={Journal of political Economy},
  volume={113},
  number={1},
  pages={1--45},
  year={2005},
  publisher={The University of Chicago Press}
}

@techreport{guerron2015financial,
  title={Financial Frictions, Trends, and the Great Recession},
  author={Guerron, Pablo A and Jinnai, Quintana Ryo},
  year={2015},
  institution={Hitotsubashi Institute for Advanced Study, Hitotsubashi University}
}

@article{bresnahan2002information,
  title={Information technology, workplace organization, and the demand for skilled labor: Firm-level evidence},
  author={Bresnahan, Timothy F and Brynjolfsson, Erik and Hitt, Lorin M},
  journal={The Quarterly Journal of Economics},
  volume={117},
  number={1},
  pages={339--376},
  year={2002},
  publisher={MIT Press}
}

@article{mokyr2014secular,
  title={Secular stagnation? Not in your life},
  author={Mokyr, Joel},
  journal={Secular Stagnation: Facts, Causes and Cures},
  volume={83},
  year={2014},
  publisher={London: CEPR Press}
}

@techreport{gordon2012us,
  title={Is US economic growth over? Faltering innovation confronts the six headwinds},
  author={Gordon, Robert J},
  year={2012},
  institution={National Bureau of Economic Research}
}